<?xml version="1.0" encoding="UTF-8"?>
<record xmlns="http://www.loc.gov/MARC21/slim" xmlns:xsi="http://www.w3.org/2001/XMLSchema-instance" xsi:schemaLocation="http://www.loc.gov/MARC21/slim http://www.loc.gov/standards/marcxml/schema/MARC21slim.xsd">
<leader>00000nam a22        4500</leader>
<controlfield tag="001">002820020</controlfield>
<controlfield tag="003">NNU</controlfield>
<controlfield tag="005">20141112185534.0</controlfield>
<controlfield tag="008">840802s1968    iq       b    001 0 ara d</controlfield>
<datafield tag="035" ind1=" " ind2=" ">
<subfield code="a">(OCoLC)478748920</subfield>
</datafield>
<datafield tag="040" ind1=" " ind2=" ">
<subfield code="a">NNU</subfield>
<subfield code="b">eng</subfield>
<subfield code="c">N15</subfield>
</datafield>
<datafield tag="100" ind1="1" ind2=" ">
<subfield code="a">Shiblī, Abū Bakr,</subfield>
<subfield code="d">861-946</subfield>
<subfield code="6">880-01</subfield>
</datafield>
<datafield tag="245" ind1="1" ind2="0">
<subfield code="6">880-02</subfield>
<subfield code="a">Dīwān Abī Bakr al-Shiblī, Jaʻfar ibn Yūsuf al-mashūr bi-Dulaf ibn Jaḥdar /</subfield>
<subfield code="c">jamaʻahu wa-ḥaqqaqahu wa-ʻallaqa ḥawāshīhi wa-qaddama lahu Kāmil Muṣṭafá al-Shaybī.</subfield>
</datafield>
<datafield tag="250" ind1=" " ind2=" ">
<subfield code="6">880-03</subfield>
<subfield code="a">al-Ṭabʻah 1.</subfield>
</datafield>
<datafield tag="260" ind1=" " ind2=" ">
<subfield code="6">880-04</subfield>
<subfield code="a">Baghdād :</subfield>
<subfield code="b">[s.n.],</subfield>
<subfield code="c">1968.</subfield>
<subfield code="e">(Baghdād :</subfield>
<subfield code="f">Maṭbaʻat al-Bayān)</subfield>
</datafield>
<datafield tag="300" ind1=" " ind2=" ">
<subfield code="a">229 p. ;</subfield>
<subfield code="c">24 cm.</subfield>
</datafield>
<datafield tag="500" ind1=" " ind2=" ">
<subfield code="a">Title on p. [4] of cover: The dīwān of Abū Bakr al-shiblī.</subfield>
</datafield>
<datafield tag="500" ind1=" " ind2=" ">
<subfield code="a">Includes indexes.</subfield>
</datafield>
<datafield tag="504" ind1=" " ind2=" ">
<subfield code="a">Bibliography: p. 173-189.</subfield>
</datafield>
<datafield tag="700" ind1="1" ind2=" ">
<subfield code="6">880-05</subfield>
<subfield code="a">Shaybī, Kāmil Muṣṭafá.</subfield>
</datafield>
<datafield tag="740" ind1="4" ind2=" ">
<subfield code="a">The dīwān of Abū Bakr al-Shiblī.</subfield>
</datafield>
<datafield tag="880" ind1="1" ind2=" ">
<subfield code="6">100-01/</subfield>
<subfield code="a">شبلي، ابو بكر،</subfield>
<subfield code="d">861-946.</subfield>
</datafield>
<datafield tag="880" ind1="1" ind2="0">
<subfield code="6">245-02/</subfield>
<subfield code="a">ديوان ابي بكر الشبلي، جعفر بن يوسف المشور بدلف بن جحدر /</subfield>
<subfield code="c">جمعه وحققه وعلق حواشيه وقدم له كامل مصطفى الشيبي.</subfield>
</datafield>
<datafield tag="880" ind1=" " ind2=" ">
<subfield code="6">250-03/</subfield>
<subfield code="a">الطبعة 1.</subfield>
</datafield>
<datafield tag="880" ind1=" " ind2=" ">
<subfield code="6">260-04/</subfield>
<subfield code="a">بغداد :</subfield>
<subfield code="b">[s.n.],</subfield>
<subfield code="c">1968.</subfield>
<subfield code="e">(بغداد :</subfield>
<subfield code="f">مطبعة البيان)</subfield>
</datafield>
<datafield tag="880" ind1="1" ind2=" ">
<subfield code="6">700-05/</subfield>
<subfield code="a">شيبي، كامل مصطفى.</subfield>
</datafield>
<datafield tag="OWN" ind1=" " ind2=" ">
<subfield code="a">GENERAL</subfield>
</datafield>
<datafield tag="AVA" ind1=" " ind2=" ">
<subfield code="a">NYU50</subfield>
<subfield code="b">BOBST</subfield>
<subfield code="c">Main Collection</subfield>
<subfield code="d">PJ7745.S47 D5 1968</subfield>
<subfield code="e">unavailable</subfield>
<subfield code="t">Unavailable</subfield>
<subfield code="f">1</subfield>
<subfield code="g">1</subfield>
<subfield code="h">N</subfield>
<subfield code="i">0</subfield>
<subfield code="j">MAIN</subfield>
<subfield code="k">0</subfield>
</datafield>
</record>
